<record><leader>00000cas a22000007a 4500</leader><controlfield tag="001">9680681</controlfield><controlfield tag="008">830708d18301831nyucr ne      0    0eng d</controlfield><controlfield tag="009">3781</controlfield><datafield ind1=" " ind2=" " tag="010"><subfield code="a">sn 83030834 </subfield></datafield><datafield ind1=" " ind2=" " tag="040"><subfield code="a">NPU</subfield><subfield code="b">eng</subfield><subfield code="c">NPU</subfield><subfield code="d">NPX</subfield><subfield code="d">CNK</subfield></datafield><datafield ind1=" " ind2=" " tag="042"><subfield code="a">msc</subfield></datafield><datafield ind1="0" ind2="0" tag="245"><subfield code="a">Farmers', mechanics' &amp; workingmen's advocate.</subfield></datafield><datafield ind1="0" ind2="3" tag="246"><subfield code="a">Farmers', mechanics' and workingmen's advocate</subfield></datafield><datafield ind1=" " ind2=" " tag="260"><subfield code="a">Albany [N.Y.] :</subfield><subfield code="b">M'Pherson &amp; M'Kercher,</subfield><subfield code="c">1830-1831.</subfield></datafield><datafield ind1=" " ind2=" " tag="300"><subfield code="a">v. ;</subfield><subfield code="c">51 cm.</subfield></datafield><datafield ind1=" " ind2=" " tag="310"><subfield code="a">Semiweekly</subfield></datafield><datafield ind1="0" ind2=" " tag="362"><subfield code="a">Vol. 1, no. 1 (Apr. 3, 1830)-v. 1, no. 104 (Mar. 30, 1831).</subfield></datafield><datafield ind1=" " ind2=" " tag="500"><subfield code="a">"Workingmen's Party."</subfield></datafield><datafield ind1=" " ind2=" " tag="752"><subfield code="a">United States</subfield><subfield code="b">New York</subfield><subfield code="c">Albany</subfield><subfield code="d">Albany.</subfield></datafield><datafield ind1="0" ind2="0" tag="785"><subfield code="t">Albany freeman's advocate, and farmers', mechanics' and workingmen's champion</subfield><subfield code="w">(DLC)sn 86053020</subfield></datafield></record>